<?xml version="1.0" encoding="UTF-8"?>
  <record xmlns="http://www.loc.gov/MARC21/slim" type="Authority">
    <leader>00000nz  a2200000nc 4500</leader>
    <controlfield tag="001">943906296</controlfield>
    <controlfield tag="003">DE-101</controlfield>
    <controlfield tag="005">20211124125315.0</controlfield>
    <controlfield tag="008">950110n||azznnaabn           | ana    |c</controlfield>
    <datafield tag="024" ind1="7" ind2=" ">
      <subfield code="a">5121598-6</subfield>
      <subfield code="0">http://d-nb.info/gnd/5121598-6</subfield>
      <subfield code="2">gnd</subfield>
    </datafield>
    <datafield tag="035" ind1=" " ind2=" ">
      <subfield code="a">(DE-101)943906296</subfield>
    </datafield>
    <datafield tag="035" ind1=" " ind2=" ">
      <subfield code="a">(DE-588)5121598-6</subfield>
    </datafield>
    <datafield tag="035" ind1=" " ind2=" ">
      <subfield code="z">(DE-588b)10351810-1</subfield>
    </datafield>
    <datafield tag="035" ind1=" " ind2=" ">
      <subfield code="z">(DE-588b)5121598-6</subfield>
      <subfield code="9">v:zg</subfield>
    </datafield>
    <datafield tag="040" ind1=" " ind2=" ">
      <subfield code="a">DE-1</subfield>
      <subfield code="c">DE-1</subfield>
      <subfield code="9">r:DE-1</subfield>
      <subfield code="b">ger</subfield>
      <subfield code="d">0032</subfield>
    </datafield>
    <datafield tag="042" ind1=" " ind2=" ">
      <subfield code="a">gnd1</subfield>
    </datafield>
    <datafield tag="043" ind1=" " ind2=" ">
      <subfield code="c">XA-DXDE</subfield>
    </datafield>
    <datafield tag="065" ind1=" " ind2=" ">
      <subfield code="a">6.3a</subfield>
      <subfield code="2">sswd</subfield>
    </datafield>
    <datafield tag="075" ind1=" " ind2=" ">
      <subfield code="b">b</subfield>
      <subfield code="2">gndgen</subfield>
    </datafield>
    <datafield tag="075" ind1=" " ind2=" ">
      <subfield code="b">kiz</subfield>
      <subfield code="2">gndspec</subfield>
    </datafield>
    <datafield tag="079" ind1=" " ind2=" ">
      <subfield code="a">g</subfield>
      <subfield code="q">f</subfield>
      <subfield code="q">h</subfield>
      <subfield code="q">s</subfield>
      <subfield code="u">z</subfield>
      <subfield code="u">v</subfield>
      <subfield code="u">w</subfield>
    </datafield>
    <datafield tag="110" ind1="2" ind2=" ">
      <subfield code="a">Rutheneum</subfield>
      <subfield code="g">Gera</subfield>
    </datafield>
    <datafield tag="410" ind1="2" ind2=" ">
      <subfield code="a">Ruteneum</subfield>
      <subfield code="g">Gera</subfield>
    </datafield>
    <datafield tag="410" ind1="2" ind2=" ">
      <subfield code="a">Hochfürstliche Landesschule</subfield>
      <subfield code="g">Gera</subfield>
    </datafield>
    <datafield tag="410" ind1="2" ind2=" ">
      <subfield code="a">Gymnasium</subfield>
      <subfield code="g">Gera, Rutheneum</subfield>
    </datafield>
    <datafield tag="410" ind1="2" ind2=" ">
      <subfield code="a">Gymnasium Rutheneum</subfield>
      <subfield code="g">Gera</subfield>
    </datafield>
    <datafield tag="410" ind1="2" ind2=" ">
      <subfield code="a">Hochgräflich Reuß-Plauensches Gemeinschaftliches Gymnasium</subfield>
      <subfield code="g">Gera</subfield>
    </datafield>
    <datafield tag="410" ind1="2" ind2=" ">
      <subfield code="a">Hochgräfl. Reuß-Pl. Gemeinschaftl. Gymnasium</subfield>
      <subfield code="g">Gera</subfield>
    </datafield>
    <datafield tag="410" ind1="2" ind2=" ">
      <subfield code="a">Reuß-Plauensches Gemeinschaftliches Gymnasium</subfield>
      <subfield code="g">Gera</subfield>
    </datafield>
    <datafield tag="410" ind1="2" ind2=" ">
      <subfield code="a">Reuß-Pl. Gemeinschaftl. Gymnasium</subfield>
      <subfield code="g">Gera</subfield>
    </datafield>
    <datafield tag="410" ind1="2" ind2=" ">
      <subfield code="a">Gemeinschaftliches Gymnasium</subfield>
      <subfield code="g">Gera</subfield>
    </datafield>
    <datafield tag="410" ind1="2" ind2=" ">
      <subfield code="a">Gemeinschaftl. Gymnasium</subfield>
      <subfield code="g">Gera</subfield>
    </datafield>
    <datafield tag="410" ind1="2" ind2=" ">
      <subfield code="a">Landesschule</subfield>
      <subfield code="g">Gera</subfield>
    </datafield>
    <datafield tag="410" ind1="2" ind2=" ">
      <subfield code="a">Fürstliche Landesschule</subfield>
    </datafield>
    <datafield tag="410" ind1="2" ind2=" ">
      <subfield code="a">Fürstliche Landesschule</subfield>
      <subfield code="g">Gera</subfield>
    </datafield>
    <datafield tag="410" ind1="2" ind2=" ">
      <subfield code="a">Ratsschule mit Gymnasium</subfield>
      <subfield code="g">Gera</subfield>
    </datafield>
    <datafield tag="510" ind1="2" ind2=" ">
      <subfield code="0">(DE-101)952050544</subfield>
      <subfield code="0">(DE-588)5246079-4</subfield>
      <subfield code="0">https://d-nb.info/gnd/5246079-4</subfield>
      <subfield code="a">Fürstliches Gymnasium</subfield>
      <subfield code="g">Gera</subfield>
      <subfield code="4">nazw</subfield>
      <subfield code="4">https://d-nb.info/standards/elementset/gnd#temporaryNameOfTheCorporateBody</subfield>
      <subfield code="w">r</subfield>
      <subfield code="i">Zeitweiser Name</subfield>
      <subfield code="e">Zeitweiser Name</subfield>
    </datafield>
    <datafield tag="510" ind1="2" ind2=" ">
      <subfield code="0">(DE-101)050178997</subfield>
      <subfield code="0">(DE-588)5017899-4</subfield>
      <subfield code="0">https://d-nb.info/gnd/5017899-4</subfield>
      <subfield code="a">Fürstliches Gymnasium Rutheneum</subfield>
      <subfield code="g">Gera</subfield>
      <subfield code="4">nazw</subfield>
      <subfield code="4">https://d-nb.info/standards/elementset/gnd#temporaryNameOfTheCorporateBody</subfield>
      <subfield code="w">r</subfield>
      <subfield code="i">Zeitweiser Name</subfield>
      <subfield code="e">Zeitweiser Name</subfield>
    </datafield>
    <datafield tag="510" ind1="2" ind2=" ">
      <subfield code="0">(DE-101)950142778</subfield>
      <subfield code="0">(DE-588)5196306-1</subfield>
      <subfield code="0">https://d-nb.info/gnd/5196306-1</subfield>
      <subfield code="a">Goethe-Gymnasium Gera</subfield>
      <subfield code="4">nach</subfield>
      <subfield code="4">https://d-nb.info/standards/elementset/gnd#succeedingCorporateBody</subfield>
      <subfield code="w">r</subfield>
      <subfield code="i">Nachfolger</subfield>
      <subfield code="e">Nachfolger</subfield>
    </datafield>
    <datafield tag="548" ind1=" " ind2=" ">
      <subfield code="a">1608-</subfield>
      <subfield code="4">datb</subfield>
      <subfield code="4">https://d-nb.info/standards/elementset/gnd#dateOfEstablishment</subfield>
      <subfield code="w">r</subfield>
      <subfield code="i">Zeitraum</subfield>
    </datafield>
    <datafield tag="551" ind1=" " ind2=" ">
      <subfield code="0">(DE-101)04020295X</subfield>
      <subfield code="0">(DE-588)4020295-1</subfield>
      <subfield code="0">https://d-nb.info/gnd/4020295-1</subfield>
      <subfield code="a">Gera</subfield>
      <subfield code="4">orta</subfield>
      <subfield code="4">https://d-nb.info/standards/elementset/gnd#placeOfBusiness</subfield>
      <subfield code="w">r</subfield>
      <subfield code="i">Ort</subfield>
      <subfield code="9">X:1</subfield>
    </datafield>
    <datafield tag="670" ind1=" " ind2=" ">
      <subfield code="a">Wikipedia</subfield>
      <subfield code="u">https://de.wikipedia.org/wiki/Goethe-Gymnasium/Rutheneum_seit_1608</subfield>
    </datafield>
    <datafield tag="913" ind1=" " ind2=" ">
      <subfield code="S">gkd</subfield>
      <subfield code="i">a</subfield>
      <subfield code="a">Rutheneum &lt;Gera&gt;</subfield>
      <subfield code="0">(DE-588b)5121598-6</subfield>
    </datafield>
  </record>
